%% documentação do biblatex está aqui:
%% http://mirrors.ibiblio.org/CTAN/macros/latex/contrib/biblatex/doc/biblatex.pdf

@article{eu:gdpr,
    citeulike-article-id = {14071352},
    citeulike-linkout-0 = {http://eur-lex.europa.eu/legal-content/EN/TXT/?uri=OJ:L:2016:119:TOC},
    day = {4},
    journal = {Official Journal of the European Union},
    key = {European Union},
    keywords = {data-protection, eu, gdpr, legal},
    month = may,
    pages = {1--88},
    posted-at = {2016-06-18 08:17:15},
    priority = {2},
    title = {Regulation (EU) 2016/679 of the European Parliament and of the Council of 27 April 2016 on the protection of natural persons  with regard to the processing of personal data and on the free movement of such data, and repealing Directive 95/46/EC (General Data Protection Regulation)},
    url = {http://eur-lex.europa.eu/legal-content/EN/TXT/?uri=OJ:L:2016:119:TOC},
    volume = {L119},
    year = {2016},
    note = {Acessado em 06/12/2018}
}

@misc{huso17,
    keywords = {social analytics, smart cities, social engineering},
    pages = {2--4},
    title = {Social Analytics and Smart Cities HUSO 2017},
    url = {https://www.iaria.org/conferences2017/filesHUSO17/HUSO2017_ICCGI2017_EpertPanel.pdf},
    hyperref = {https://www.iaria.org/conferences2017/filesHUSO17/HUSO2017_ICCGI2017_EpertPanel.pdf},
    year = {2017},
    note = {Acessado em 06/12/2018}
}

@misc{solid,
    author = {Inrupt},
    title = {Solid Explained},
    year = {2018},
    url = {https://solid.inrupt.com/how-it-works},
    urldate = {06/12/2018},
    note = {Acessado em 06/12/2018}
}

@misc{apache:tika,
    author = {Apache Tika},
    title = {Apache Tika - a content analysis toolkit},
    year = {2018},
    url = {https://tika.apache.org/},
    urldate = {06/12/2018},
    note = {Acessado em 06/12/2018}
}

@misc{apache:stanbol,
    author = {Apache Stanbol},
    title = {Welcome to Apache Stanbol!},
    year = {2018},
    url = {https://stanbol.apache.org/},
    urldate = {06/12/2018},
    note = {Acessado em 06/12/2018}
}

@misc{apache:opennlp,
    author = {Apache OpenNLP},
    title = {Welcome to Apache OpenNLP},
    year = {2018},
    url = {https://opennlp.apache.org/},
    urldate = {06/12/2018},
    note = {Acessado em 06/12/2018}
}

@article{ital:jung-andrew,
    journaltitle = {Information Technology and Libraries},
    author = {Jung-ran Park and Andrew Brenza},
    keywords = {text extraction, metadata generation, big data},
    title = {Evaluation Of Semi-Automatic Metadata Generation Tools: A Survey Of The Current State Of The Art},
    url = {https://ejournals.bc.edu/ojs/index.php/ital/article/view/5889},
    hyperref = {https://ejournals.bc.edu/ojs/index.php/ital/article/view/5889},
    doi = {https://doi.org/10.6017/ital.v34i3.5889},
    year = {2015},
    month = {Setembro},
    note = {Acessado em 06/12/2018}
}

@misc{influxdata:explained,
    author = {InfluxData},
    title = {Time Series Database (TSDB) Explained},
    year = {2018},
    url = {https://www.influxdata.com/time-series-database/},
    urldate = {07/12/2018},
    note = {Acessado em 07/12/2018}
}

@misc{influxdb,
    author = {InfluxData},
    title = {InfluxData (InfluxDB) | Time Series Database Monitoring \& Analytics},
    year = {2018},
    url = {https://www.influxdata.com/},
    urldate = {07/12/2018},
    note = {Acessado em 07/12/2018}
}

@misc{timescaledb,
    author = {Timescale},
    title = {Timescale | an open-source time-series SQL database optimized for fast ingest, complex queries and scale.},
    year = {2018},
    url = {https://www.timescale.com/},
    urldate = {07/12/2018},
    note = {Acessado em 07/12/2018}
}

@misc{dbengines:trends,
    author = {solid IT gmbh},
    title = {DB-Engines Ranking per database model category},
    year = {2018},
    url = {https://db-engines.com/en/ranking_categories},
    urldate = {07/12/2018},
    note = {Acessado em 07/12/2018}
}

@misc{lavaprotocols:smartcity,
    author = {Peter Murray},
    title = {40 Brilliant Examples of Smart City Projects Which Uses Open Data},
    year = {2018},
    url = {https://lavaprotocols.com/2018/06/28/40-smart-city-projects-open-data/},
    urldate = {07/12/2018},
    note = {Acessado em 07/12/2018}
}

@article{cornel:ner,
    journaltitle = {Computer Science - Information Retrieval},
    author = {Diego Esteves and Rafael Peres and Jens Lehmann and Giulio Napolitano},
    keywords = {NER, Short Texts, Noisy Data, Machine Learning, Computer Vision},
    title = {Named Entity Recognition in Twitter using Images and Text},
    url = {https://arxiv.org/abs/1710.11027v1},
    hyperref = {https://arxiv.org/abs/1710.11027v1},
    year = {2017},
    month = {Outubro},
    note = {Acessado em 07/12/2018}
}

@mastersthesis{aalto:ner,
    title = {Convolutional Neural Networks for Named Entity Recognition in Images of Documents},
    author = {van de Kerkhof, Jan},
    year = {2016-09-26},
    language = {en},
    pages = {45},
    keyword = {convolutional neural networks; faster R-CNN; named entity recognition; images; documents},
    type = {G2 Pro gradu, diplomityö},
    url = {http://urn.fi/URN:NBN:fi:aalto-201610124921},
    school = {Aalto University Learning Centre}
}

@article{w3c:ssn,
    journaltitle = {Computer Science - Information Retrieval},
    author = {Diego Esteves and Rafael Peres and Jens Lehmann and Giulio Napolitano},
    keywords = {NER, Short Texts, Noisy Data, Machine Learning, Computer Vision},
    title = {Semantic Sensor Network XG Final Report},
    url = {https://www.w3.org/2005/Incubator/ssn/XGR-ssn-20110628/},
    hyperref = {https://www.w3.org/2005/Incubator/ssn/XGR-ssn-20110628/},
    year = {2011},
    month = {Junho},
    note = {Acessado em 07/12/2018}
}

@article{contextualdata:smartcities,
    journaltitle = {Computer Science > Artificial Intelligence},
    author = {Henrique Santos and Vasco Furtado and Paulo Pinheiro and Deborah L. McGuinness},
    keywords = {smart cities, sensor network, data quality},
    title = {Contextual Data Collection for Smart Cities},
    url = {https://arxiv.org/abs/1704.01802v1},
    hyperref = {https://arxiv.org/abs/1704.01802v1},
    year = {2017},
    month = {Abril},
    note = {Acessado em 07/12/2018}
}


@article{extracting:fromtwitter,
    journaltitle = {Electronic Participation: Third IFIP WG 8.5 International Conference, ePart 2011, Delft, The Netherlands, August 29 – September 1, 2011. Proceedings},
    author = {Peter Teufl and Stefan Kraxberger},
    keywords = {Semantic Patterns, Twitter Mining, e-Participation, Semantic Analysis, Trend Analysis, Semantic Search, Machine Learning, Social Network Analysis},
    title = {Extracting Semantic Knowledge from Twitter},
    url = {https://link.springer.com/content/pdf/10.1007/978-3-642-23333-3_5.pdf},
    hyperref = {https://link.springer.com/content/pdf/10.1007/978-3-642-23333-3_5.pdf},
    year = {2011},
    month = {Agosto},
    note = {Acessado em 07/12/2018},
    pages = {51}
}

@article{Zeithamova2017TemporalPP,
    title={Temporal Proximity Promotes Integration of Overlapping Events},
    author={Dagmar Zeithamova and Alison R. Preston},
    journal={Journal of Cognitive Neuroscience},
    year={2017},
    volume={29},
    pages={1311-1323},
    note = {Acessado em 08/12/2018},
    doi = {http://doi.org/10.1162/jocn_a_01116}
}

@article{Polyn2011SemanticCA,
    title={Semantic cuing and the scale insensitivity of recency and contiguity.},
    author={Sean M. Polyn and Gennady Erlikhman and Michael J. Kahana},
    journal={Journal of experimental psychology. Learning, memory, and cognition},
    year={2011},
    volume={37 3},
    pages={766-75},
    note = {Acessado em 08/12/2018},
    doi = {http://doi.org/10.1037/a0022475},
    url = {https://pdfs.semanticscholar.org/468f/02962727017c0a062d91599b170adcdf5400.pdf}
}